<?xml version='1.0' encoding='utf-8'?>
<Document xmlns:ns0="urn:iso:std:iso:20022:tech:xsd:pain.001.001.03">
  <CstmrCdtTrfInitn>
    <GrpHdr>
      <MsgId>08DBB06E4F2F4EB9B5CD5786167F20FB</MsgId>
      <CreDtTm>2023-10-16T02:25:53Z</CreDtTm>
      <NbOfTxs>2</NbOfTxs>
      <CtrlSum>20.00</CtrlSum>
      <InitgPty>
        <Nm>HAOAO</Nm>
      </InitgPty>
    </GrpHdr>
    <PmtInf>
      <PmtInfId>2FAD0C4EE4505D72BCBBE393CEAB11A8</PmtInfId>
      <PmtMtd>TRF</PmtMtd>
      <BtchBookg>true</BtchBookg>
      <NbOfTxs>2</NbOfTxs>
      <CtrlSum>20.00</CtrlSum>
      <PmtTpInf>
        <InstrPrty>NORM</InstrPrty>
        <SvcLvl>
          <Cd>SEPA</Cd>
        </SvcLvl>
      </PmtTpInf>
      <ReqdExctnDt>2023-10-15</ReqdExctnDt>
      <Dbtr>
        <Nm>HAOAO</Nm>
      </Dbtr>
      <DbtrAcct>
        <Id>
          <IBAN>FR7600002000105555555555521</IBAN>
        </Id>
        <Ccy>EUR</Ccy>
      </DbtrAcct>
      <DbtrAgt>
        <FinInstnId>
          <BIC>BNPAFRPPXXX</BIC>
        </FinInstnId>
      </DbtrAgt>
      <ChrgBr>SLEV</ChrgBr>
      <CdtTrfTxInf>
        <PmtId>
          <InstrId>0ED4F626D2AC50158F5E27D6AC5BA00B</InstrId>
          <EndToEndId>FR99</EndToEndId>
        </PmtId>
        <Amt>
          <InstdAmt Ccy="EUR">10.00</InstdAmt>
        </Amt>
        <Cdtr>
          <Nm>Long</Nm>
        </Cdtr>
        <CdtrAcct>
          <Id>
            <IBAN>FR7600002000106666666666652</IBAN>
          </Id>
        </CdtrAcct>
        <RmtInf>
          <Ustrd>tien dien</Ustrd>
        </RmtInf>
      </CdtTrfTxInf>
      <CdtTrfTxInf>
        <PmtId>
          <InstrId>6B819B29B87A5C9B9E05C338DA63AD95</InstrId>
          <EndToEndId>NOTPROVIDED</EndToEndId>
        </PmtId>
        <Amt>
          <InstdAmt Ccy="EUR">10.00</InstdAmt>
        </Amt>
        <Cdtr>
          <Nm>Hung</Nm>
        </Cdtr>
        <CdtrAcct>
          <Id>
            <IBAN>FR7617515900000497026130714</IBAN>
          </Id>
        </CdtrAcct>
        <RmtInf>
          <Ustrd>tien nha</Ustrd>
        </RmtInf>
      </CdtTrfTxInf>
    </PmtInf>
  </CstmrCdtTrfInitn>
</Document>