<?xml version='1.0' encoding='utf-8'?>
<ns0:Document xmlns:ns0="urn:iso:std:iso:20022:tech:xsd:pain.001.001.03">
  <ns0:CstmrCdtTrfInitn>
    <ns0:GrpHdr>
      <ns0:MsgId>C4B118BD0CD44C2EABBE7265F960AA9C</ns0:MsgId>
      <ns0:CreDtTm>2023-10-04T08:14:03Z</ns0:CreDtTm>
      <ns0:NbOfTxs>1</ns0:NbOfTxs>
      <ns0:CtrlSum>10.00</ns0:CtrlSum>
      <ns0:InitgPty>
        <ns0:Nm>Kien</ns0:Nm>
      </ns0:InitgPty>
    </ns0:GrpHdr>
    <ns0:PmtInf>
      <ns0:PmtInfId>FB25AC657524510AA56A2E58B034E766</ns0:PmtInfId>
      <ns0:PmtMtd>TRF</ns0:PmtMtd>
      <ns0:BtchBookg>true</ns0:BtchBookg>
      <ns0:NbOfTxs>1</ns0:NbOfTxs>
      <ns0:CtrlSum>10.00</ns0:CtrlSum>
      <ns0:PmtTpInf>
        <ns0:InstrPrty>NORM</ns0:InstrPrty>
        <ns0:SvcLvl>
          <ns0:Cd>SEPA</ns0:Cd>
        </ns0:SvcLvl>
        <ns0:LclInstrm>
          <ns0:Cd>INST</ns0:Cd>
        </ns0:LclInstrm>
      </ns0:PmtTpInf>
      <ns0:ReqdExctnDt>2023-10-04</ns0:ReqdExctnDt>
      <ns0:Dbtr>
        <ns0:Nm>Kien</ns0:Nm>
      </ns0:Dbtr>
      <ns0:DbtrAcct>
        <ns0:Id>
          <ns0:IBAN>FR7600002000105555555555521</ns0:IBAN>
        </ns0:Id>
        <ns0:Ccy>EUR</ns0:Ccy>
      </ns0:DbtrAcct>
      <ns0:DbtrAgt>
        <ns0:FinInstnId>
          <ns0:Othr>
            <ns0:Id>NOTPROVIDED</ns0:Id>
          </ns0:Othr>
        </ns0:FinInstnId>
      </ns0:DbtrAgt>
      <ns0:ChrgBr>SLEV</ns0:ChrgBr>
      <ns0:CdtTrfTxInf>
        <ns0:PmtId>
          <ns0:InstrId>42513D0709B45A0580DD9561DA046837</ns0:InstrId>
          <ns0:EndToEndId>NOTPROVIDED</ns0:EndToEndId>
        </ns0:PmtId>
        <ns0:Amt>
          <ns0:InstdAmt Ccy="EUR">10.00</ns0:InstdAmt>
        </ns0:Amt>
        <ns0:Cdtr>
          <ns0:Nm>Long</ns0:Nm>
        </ns0:Cdtr>
        <ns0:CdtrAcct>
          <ns0:Id>
            <ns0:IBAN>FR7600002000106666666666652</ns0:IBAN>
          </ns0:Id>
        </ns0:CdtrAcct>
        <ns0:RmtInf>
          <ns0:Ustrd>Purpose</ns0:Ustrd>
        </ns0:RmtInf>
      </ns0:CdtTrfTxInf>
    </ns0:PmtInf>
  </ns0:CstmrCdtTrfInitn>
</ns0:Document>